@article{5G,
author={A. {Hakkarainen} and J. {Werner} and M. {Costa} and K. {Leppanen} and M. {Valkama}},
booktitle={2015 IEEE 82nd Vehicular Technology Conference (VTC2015-Fall)},
title={High-Efficiency Device Localization in 5G Ultra-Dense Networks: Prospects and Enabling Technologies},
year={2015},
volume={},
number={},
pages={1-5},
keywords={5G mobile communication;access node;AN deployments;user nodes;future location-based services;5G ultra-dense small cell networks;high-efficiency device localization;5G mobile communication;Antenna arrays;Direction-of-arrival estimation;Uplink;Estimation;Kalman filters},
doi={10.1109/VTCFall.2015.7390965},
ISSN={},
month={Sep.},}

@article{PPP,
author = {Wu, Qiong and Sun, Mengfei and Zhou, Changjie and Zhang, Peng},
year = {2019},
month = {05},
pages = {2189},
title = {Precise Point Positioning Using Dual-Frequency GNSS Observations on Smartphone},
volume = {19},
journal = {Sensors},
doi = {10.3390/s19092189}
}

@article{McMahanMRA16,
  author    = {H. Brendan McMahan and
               Eider Moore and
               Daniel Ramage and
               Blaise Aguera y Arcas},
  title     = {Federated Learning of Deep Networks using Model Averaging},
  journal   = {CoRR},
  volume    = {abs/1602.05629},
  year      = {2016},
  archivePrefix = {arXiv},
  eprint    = {1602.05629},
  timestamp = {Mon, 13 Aug 2018 16:48:01 +0200},
  bibsource = {dblp computer science bibliography, https://dblp.org}
}

@article{Geyer,
  author    = {Robin C. Geyer and
               Tassilo Klein and
               Moin Nabi},
  title     = {Differentially Private Federated Learning: {A} Client Level Perspective},
  journal   = {CoRR},
  volume    = {abs/1712.07557},
  year      = {2017},
  archivePrefix = {arXiv},
  eprint    = {1712.07557},
  timestamp = {Mon, 13 Aug 2018 16:47:11 +0200},
  bibsource = {dblp computer science bibliography, https://dblp.org}
}

@article{Bonawitz,
  author    = {Keith Bonawitz and
               Hubert Eichner and
               Wolfgang Grieskamp and
               Dzmitry Huba and
               Alex Ingerman and
               Vladimir Ivanov and
               Chloe Kiddon and
               Jakub Konecny and
               Stefano Mazzocchi and
               H. Brendan McMahan and
               Timon Van Overveldt and
               David Petrou and
               Daniel Ramage and
               Jason Roselander},
  title     = {Towards Federated Learning at Scale: System Design},
  journal   = {CoRR},
  volume    = {abs/1902.01046},
  year      = {2019},
  archivePrefix = {arXiv},
  eprint    = {1902.01046},
  timestamp = {Fri, 01 Mar 2019 17:14:14 +0100},
  bibsource = {dblp computer science bibliography, https://dblp.org}
}

@inproceedings{SecureAggregation,
 author = {Bonawitz, Keith and Ivanov, Vladimir and Kreuter, Ben and Marcedone, Antonio and McMahan, H. Brendan and Patel, Sarvar and Ramage, Daniel and Segal, Aaron and Seth, Karn},
 title = {Practical Secure Aggregation for Privacy-Preserving Machine Learning},
 booktitle = {Proceedings of the 2017 ACM SIGSAC Conference on Computer and Communications Security},
 series = {CCS '17},
 year = {2017},
 isbn = {978-1-4503-4946-8},
 location = {Dallas, Texas, USA},
 pages = {1175--1191},
 numpages = {17},
 doi = {10.1145/3133956.3133982},
 acmid = {3133982},
 publisher = {ACM},
 address = {New York, NY, USA},
 keywords = {federated learning, machine learning, privacy-preserving protocols, secure aggregation},
} 

@article{DP,
  author    = {Robin C. Geyer and
               Tassilo Klein and
               Moin Nabi},
  title     = {Differentially Private Federated Learning: {A} Client Level Perspective},
  journal   = {CoRR},
  volume    = {abs/1712.07557},
  year      = {2017},
  archivePrefix = {arXiv},
  eprint    = {1712.07557},
  timestamp = {Mon, 13 Aug 2018 16:47:11 +0200},
  biburl    = {https://dblp.org/rec/bib/journals/corr/abs-1712-07557},
  bibsource = {dblp computer science bibliography, https://dblp.org}
}

@inproceedings{Communication,
title	= {Federated Learning: Strategies for Improving Communication Efficiency},
author	= {Jakub Konecny and H. Brendan McMahan and Felix X. Yu and Peter Richtarik and Ananda Theertha Suresh and Dave Bacon},
year	= {2016},
booktitle	= {NIPS Workshop on Private Multi-Party Machine Learning}
}
